@article{10.1145/353323.353382,
  author     = {Schneider, Fred B.},
  title      = {Enforceable Security Policies},
  year       = {2000},
  issue_date = {Feb. 2000},
  publisher  = {Association for Computing Machinery},
  address    = {New York, NY, USA},
  volume     = {3},
  number     = {1},
  issn       = {1094-9224},
  url        = {https://doi.org/10.1145/353323.353382},
  doi        = {10.1145/353323.353382},
  abstract   = {A precise characterization is given for the class of security policies enforceable with mechanisms that work by monitoring system execution, and automata are introduced for specifying exactly that class of security policies. Techniques to enforce security policies specified by such automata are also discussed.},
  journal    = {ACM Trans. Inf. Syst. Secur.},
  month      = {feb},
  pages      = {30â€“50},
  numpages   = {21},
  keywords   = {proof carrying code, EM security policies, safety properties, security policies, inlined reference monitors, SASI, security automata}
}

@inproceedings{erlingsson2000sasi,
  title        = {SASI enforcement of security policies: A retrospective},
  author       = {Erlingsson, Ulfar and Schneider, Fred B},
  booktitle    = {Proceedings DARPA Information Survivability Conference and Exposition. DISCEX'00},
  volume       = {2},
  pages        = {287--295},
  year         = {2000},
  organization = {IEEE}
}